[gd_scene load_steps=7 format=2]

[ext_resource path="res://scenes/dungeon/fallingplatform/fallingplatform.gd" type="Script" id=1]
[ext_resource path="res://scenes/dungeon/climbableblock.tscn" type="PackedScene" id=2]
[ext_resource path="res://scenes/lavacave/BGs/movingplatform.png" type="Texture" id=3]

[sub_resource type="RectangleShape2D" id=1]
extents = Vector2( 32, 16 )

[sub_resource type="Animation" id=2]
resource_name = "idle"
tracks/0/type = "value"
tracks/0/path = NodePath("blockR/Sprite:position")
tracks/0/interp = 1
tracks/0/loop_wrap = true
tracks/0/imported = false
tracks/0/enabled = true
tracks/0/keys = {
"times": PoolRealArray( 0 ),
"transitions": PoolRealArray( 1 ),
"update": 0,
"values": [ Vector2( 0, 0 ) ]
}
tracks/1/type = "value"
tracks/1/path = NodePath("blockL/Sprite:position")
tracks/1/interp = 1
tracks/1/loop_wrap = true
tracks/1/imported = false
tracks/1/enabled = true
tracks/1/keys = {
"times": PoolRealArray( 0 ),
"transitions": PoolRealArray( 1 ),
"update": 0,
"values": [ Vector2( 0, 0 ) ]
}

[sub_resource type="Animation" id=3]
resource_name = "shake"
length = 0.3
loop = true
tracks/0/type = "value"
tracks/0/path = NodePath("blockR/Sprite:position")
tracks/0/interp = 1
tracks/0/loop_wrap = true
tracks/0/imported = false
tracks/0/enabled = true
tracks/0/keys = {
"times": PoolRealArray( 0, 0.1, 0.2, 0.3 ),
"transitions": PoolRealArray( 1, 1, 1, 1 ),
"update": 0,
"values": [ Vector2( 0, 0 ), Vector2( 5, 0 ), Vector2( -5, 0 ), Vector2( 0, 0 ) ]
}
tracks/1/type = "value"
tracks/1/path = NodePath("blockL/Sprite:position")
tracks/1/interp = 1
tracks/1/loop_wrap = true
tracks/1/imported = false
tracks/1/enabled = true
tracks/1/keys = {
"times": PoolRealArray( 0, 0.1, 0.2, 0.3 ),
"transitions": PoolRealArray( 1, 1, 1, 1 ),
"update": 0,
"values": [ Vector2( 0, 0 ), Vector2( 5, 0 ), Vector2( -5, 0 ), Vector2( 0, 0 ) ]
}

[node name="FallingPlatform" type="Node2D"]
script = ExtResource( 1 )
__meta__ = {
"__editor_plugin_screen__": "Script"
}

[node name="enabler" type="VisibilityEnabler2D" parent="."]
position = Vector2( 0, 128 )
scale = Vector2( 8, 20 )

[node name="Area2D" type="Area2D" parent="."]
visible = false

[node name="CollisionShape2D" type="CollisionShape2D" parent="Area2D"]
shape = SubResource( 1 )

[node name="blockR" parent="." instance=ExtResource( 2 )]
position = Vector2( 16, 0 )

[node name="Sprite" parent="blockR" index="0"]
self_modulate = Color( 0.588235, 0.588235, 0.588235, 1 )
texture = ExtResource( 3 )
offset = Vector2( 0, 16 )

[node name="blockL" parent="." instance=ExtResource( 2 )]
position = Vector2( -16, 0 )

[node name="Sprite" parent="blockL" index="0"]
self_modulate = Color( 0.588235, 0.588235, 0.588235, 1 )
texture = ExtResource( 3 )
offset = Vector2( 0, 16 )
flip_h = false

[node name="AnimationPlayer" type="AnimationPlayer" parent="."]
autoplay = "idle"
anims/idle = SubResource( 2 )
anims/shake = SubResource( 3 )
[connection signal="screen_entered" from="enabler" to="." method="enter_screen"]
[connection signal="screen_exited" from="enabler" to="." method="exit_screen"]

[editable path="blockR"]

[editable path="blockL"]
