[gd_scene load_steps=16 format=2]

[ext_resource path="res://scenes/common/GemGate.gd" type="Script" id=1]
[ext_resource path="res://scenes/common/gemgate.png" type="Texture" id=2]
[ext_resource path="res://scenes/common/particle.png" type="Texture" id=3]
[ext_resource path="res://scenes/items/special/topazkey.png" type="Texture" id=4]
[ext_resource path="res://scenes/common/gemgate.wav" type="AudioStream" id=5]
[ext_resource path="res://scenes/common/gate.wav" type="AudioStream" id=6]

[sub_resource type="Shader" id=1]
code = "shader_type canvas_item;
render_mode blend_premul_alpha;

uniform float aura_width=2.0;
uniform vec4 aura_color:hint_color;
uniform float opacity = 1.0;

void fragment() {
vec4 col = vec4(texture(TEXTURE,UV).rgb, texture(TEXTURE,UV).a*opacity);
vec2 ps = TEXTURE_PIXEL_SIZE;
float a;
float maxa=col.a;
float mina=col.a;
a=texture(TEXTURE,UV+vec2(0,-aura_width)*ps).a;
maxa=max(a,maxa);
mina=min(a,mina);
a=texture(TEXTURE,UV+vec2(0, aura_width)*ps).a;
maxa=max(a,maxa);
mina=min(a,mina);
a=texture(TEXTURE,UV+vec2(-aura_width,0)*ps).a;
maxa=max(a,maxa);
mina=min(a,mina);
a=texture(TEXTURE,UV+vec2(aura_width,0)*ps).a;
maxa=max(a,maxa);
mina=min(a,mina);
col.rgb*=col.a;
COLOR=col;//mix(col,aura_color,maxa-mina);
float auraa=(maxa-mina);

COLOR.rgb+=aura_color.rgb*(maxa-mina);
}"

[sub_resource type="ShaderMaterial" id=2]
shader = SubResource( 1 )
shader_param/aura_width = 2.5
shader_param/aura_color = Color( 0.57, 0, 1, 1 )
shader_param/opacity = 1.0

[sub_resource type="ParticlesMaterial" id=3]
flag_disable_z = true
spread = 180.0
gravity = Vector3( 0, 0, 0 )
initial_velocity = 90.0
angular_velocity = -50.0
orbit_velocity = 0.0
orbit_velocity_random = 0.0
linear_accel = 90.0
damping = 90.0
anim_speed = 1.0

[sub_resource type="Shader" id=4]
code = "shader_type canvas_item;
render_mode unshaded;"

[sub_resource type="ShaderMaterial" id=5]
shader = SubResource( 4 )

[sub_resource type="RectangleShape2D" id=6]
extents = Vector2( 16, 80 )

[sub_resource type="RectangleShape2D" id=7]
extents = Vector2( 20, 80 )

[sub_resource type="Animation" id=8]
loop = true
tracks/0/type = "value"
tracks/0/path = NodePath("key:visible")
tracks/0/interp = 1
tracks/0/loop_wrap = true
tracks/0/imported = false
tracks/0/enabled = true
tracks/0/keys = {
"times": PoolRealArray( 0 ),
"transitions": PoolRealArray( 1 ),
"update": 1,
"values": [ false ]
}
tracks/1/type = "value"
tracks/1/path = NodePath("gate:modulate")
tracks/1/interp = 1
tracks/1/loop_wrap = true
tracks/1/imported = false
tracks/1/enabled = true
tracks/1/keys = {
"times": PoolRealArray( 0 ),
"transitions": PoolRealArray( 1 ),
"update": 0,
"values": [ Color( 1, 1, 1, 1 ) ]
}
tracks/2/type = "value"
tracks/2/path = NodePath("Particles2D:emitting")
tracks/2/interp = 1
tracks/2/loop_wrap = true
tracks/2/imported = false
tracks/2/enabled = true
tracks/2/keys = {
"times": PoolRealArray( 0 ),
"transitions": PoolRealArray( 1 ),
"update": 1,
"values": [ false ]
}
tracks/3/type = "value"
tracks/3/path = NodePath("gate:material:shader_param/aura_width")
tracks/3/interp = 1
tracks/3/loop_wrap = true
tracks/3/imported = false
tracks/3/enabled = true
tracks/3/keys = {
"times": PoolRealArray( 0, 0.2, 0.5, 0.7, 1 ),
"transitions": PoolRealArray( 1, 1, 1, 1, 1 ),
"update": 1,
"values": [ 2.0, 2.5, 3.0, 2.5, 2.0 ]
}
tracks/4/type = "value"
tracks/4/path = NodePath("gate:material:blend_mode")
tracks/4/interp = 1
tracks/4/loop_wrap = true
tracks/4/imported = false
tracks/4/enabled = true
tracks/4/keys = {
"times": PoolRealArray( 0 ),
"transitions": PoolRealArray( 1 ),
"update": 1,
"values": [ 4 ]
}
tracks/5/type = "value"
tracks/5/path = NodePath("Particles2D:visible")
tracks/5/interp = 1
tracks/5/loop_wrap = true
tracks/5/imported = false
tracks/5/enabled = true
tracks/5/keys = {
"times": PoolRealArray( 0 ),
"transitions": PoolRealArray( 1 ),
"update": 1,
"values": [ false ]
}
tracks/6/type = "value"
tracks/6/path = NodePath("sfx:playing")
tracks/6/interp = 1
tracks/6/loop_wrap = true
tracks/6/imported = false
tracks/6/enabled = true
tracks/6/keys = {
"times": PoolRealArray( 0 ),
"transitions": PoolRealArray( 1 ),
"update": 1,
"values": [ false ]
}

[sub_resource type="Animation" id=9]
length = 1.8
tracks/0/type = "value"
tracks/0/path = NodePath("key:visible")
tracks/0/interp = 1
tracks/0/loop_wrap = true
tracks/0/imported = false
tracks/0/enabled = true
tracks/0/keys = {
"times": PoolRealArray( 0, 1 ),
"transitions": PoolRealArray( 1, 1 ),
"update": 1,
"values": [ true, false ]
}
tracks/1/type = "method"
tracks/1/path = NodePath(".")
tracks/1/interp = 1
tracks/1/loop_wrap = true
tracks/1/imported = false
tracks/1/enabled = true
tracks/1/keys = {
"times": PoolRealArray( 1.8 ),
"transitions": PoolRealArray( 1 ),
"values": [ {
"args": [  ],
"method": "queue_free"
} ]
}
tracks/2/type = "value"
tracks/2/path = NodePath("Particles2D:emitting")
tracks/2/interp = 1
tracks/2/loop_wrap = true
tracks/2/imported = false
tracks/2/enabled = true
tracks/2/keys = {
"times": PoolRealArray( 0, 1 ),
"transitions": PoolRealArray( 1, 1 ),
"update": 1,
"values": [ true, false ]
}
tracks/3/type = "value"
tracks/3/path = NodePath("gate:modulate")
tracks/3/interp = 1
tracks/3/loop_wrap = true
tracks/3/imported = false
tracks/3/enabled = true
tracks/3/keys = {
"times": PoolRealArray( 0, 0.5 ),
"transitions": PoolRealArray( 1, 1 ),
"update": 0,
"values": [ Color( 1, 1, 1, 1 ), Color( 1, 1, 1, 0 ) ]
}
tracks/4/type = "value"
tracks/4/path = NodePath("gate:material:blend_mode")
tracks/4/interp = 1
tracks/4/loop_wrap = true
tracks/4/imported = false
tracks/4/enabled = true
tracks/4/keys = {
"times": PoolRealArray( 0 ),
"transitions": PoolRealArray( 1 ),
"update": 1,
"values": [ 0 ]
}
tracks/5/type = "value"
tracks/5/path = NodePath("Particles2D:visible")
tracks/5/interp = 1
tracks/5/loop_wrap = true
tracks/5/imported = false
tracks/5/enabled = true
tracks/5/keys = {
"times": PoolRealArray( 0 ),
"transitions": PoolRealArray( 1 ),
"update": 1,
"values": [ true ]
}
tracks/6/type = "value"
tracks/6/path = NodePath("sfx:playing")
tracks/6/interp = 1
tracks/6/loop_wrap = true
tracks/6/imported = false
tracks/6/enabled = true
tracks/6/keys = {
"times": PoolRealArray( 0, 1.5 ),
"transitions": PoolRealArray( 1, 1 ),
"update": 1,
"values": [ true, false ]
}
tracks/7/type = "value"
tracks/7/path = NodePath("open:playing")
tracks/7/interp = 1
tracks/7/loop_wrap = true
tracks/7/imported = false
tracks/7/enabled = true
tracks/7/keys = {
"times": PoolRealArray( 0, 0.6 ),
"transitions": PoolRealArray( 1, 1 ),
"update": 1,
"values": [ true, false ]
}

[node name="GemGate" type="Node2D"]
script = ExtResource( 1 )

[node name="enabler" type="VisibilityEnabler2D" parent="."]
position = Vector2( 1.90735e-06, 5.72205e-06 )
scale = Vector2( 7.4, 12.2 )

[node name="gate" type="Sprite" parent="."]
modulate = Color( 1, 1, 1, 0 )
material = SubResource( 2 )
texture = ExtResource( 2 )
region_rect = Rect2( -8, -2, 48, 168 )

[node name="Particles2D" type="Particles2D" parent="."]
position = Vector2( 0, -1 )
emitting = false
amount = 16
lifetime = 1.5
one_shot = true
preprocess = 0.1
speed_scale = 3.0
explosiveness = 1.0
randomness = 1.0
process_material = SubResource( 3 )
texture = ExtResource( 3 )

[node name="key" type="Sprite" parent="."]
visible = false
material = SubResource( 5 )
texture = ExtResource( 4 )

[node name="StaticBody2D" type="StaticBody2D" parent="."]
visible = false

[node name="CollisionShape2D" type="CollisionShape2D" parent="StaticBody2D"]
shape = SubResource( 6 )

[node name="Area2D" type="Area2D" parent="."]
visible = false

[node name="CollisionShape2D" type="CollisionShape2D" parent="Area2D"]
shape = SubResource( 7 )

[node name="AnimationPlayer" type="AnimationPlayer" parent="."]
autoplay = "idle"
anims/idle = SubResource( 8 )
anims/open = SubResource( 9 )

[node name="sfx" type="AudioStreamPlayer" parent="."]
stream = ExtResource( 5 )
volume_db = 5.0
bus = "SFX"

[node name="open" type="AudioStreamPlayer" parent="."]
stream = ExtResource( 6 )
volume_db = 10.0
bus = "SFX"
[connection signal="screen_entered" from="enabler" to="." method="enter_screen"]
[connection signal="screen_exited" from="enabler" to="." method="exit_screen"]
