[gd_scene load_steps=11 format=2]

[ext_resource path="res://scenes/common/damagables/human/priest/priest.gd" type="Script" id=1]
[ext_resource path="res://scenes/common/damagables/human/priest/walk.png" type="Texture" id=2]
[ext_resource path="res://scenes/common/damagables/human/priest/die.png" type="Texture" id=3]
[ext_resource path="res://scenes/common/damagables/human/lamp-glow.png" type="Texture" id=4]
[ext_resource path="res://scenes/common/damagables/human/priest/die.wav" type="AudioStream" id=5]
[ext_resource path="res://scenes/common/stun.tscn" type="PackedScene" id=6]

[sub_resource type="Animation" id=1]
length = 0.8
tracks/0/type = "value"
tracks/0/path = NodePath("walk:visible")
tracks/0/interp = 1
tracks/0/loop_wrap = true
tracks/0/imported = false
tracks/0/enabled = true
tracks/0/keys = {
"times": PoolRealArray( 0 ),
"transitions": PoolRealArray( 1 ),
"update": 1,
"values": [ false ]
}
tracks/1/type = "value"
tracks/1/path = NodePath("die:visible")
tracks/1/interp = 1
tracks/1/loop_wrap = true
tracks/1/imported = false
tracks/1/enabled = true
tracks/1/keys = {
"times": PoolRealArray( 0 ),
"transitions": PoolRealArray( 1 ),
"update": 1,
"values": [ true ]
}
tracks/2/type = "value"
tracks/2/path = NodePath("die:frame")
tracks/2/interp = 1
tracks/2/loop_wrap = true
tracks/2/imported = false
tracks/2/enabled = true
tracks/2/keys = {
"times": PoolRealArray( 0, 0.1, 0.2, 0.3, 0.4, 0.5, 0.6, 0.7 ),
"transitions": PoolRealArray( 1, 1, 1, 1, 1, 1, 1, 1 ),
"update": 1,
"values": [ 0, 1, 2, 3, 4, 5, 6, 7 ]
}
tracks/3/type = "value"
tracks/3/path = NodePath("hurt:visible")
tracks/3/interp = 1
tracks/3/loop_wrap = true
tracks/3/imported = false
tracks/3/enabled = true
tracks/3/keys = {
"times": PoolRealArray( 0 ),
"transitions": PoolRealArray( 1 ),
"update": 1,
"values": [ false ]
}
tracks/4/type = "value"
tracks/4/path = NodePath("SamplePlayer/die:playing")
tracks/4/interp = 1
tracks/4/loop_wrap = true
tracks/4/imported = false
tracks/4/enabled = true
tracks/4/keys = {
"times": PoolRealArray( 0, 0.7 ),
"transitions": PoolRealArray( 1, 1 ),
"update": 1,
"values": [ true, false ]
}
tracks/5/type = "value"
tracks/5/path = NodePath("Light2D:position")
tracks/5/interp = 1
tracks/5/loop_wrap = true
tracks/5/imported = false
tracks/5/enabled = true
tracks/5/keys = {
"times": PoolRealArray( 0, 0.1, 0.2, 0.3, 0.4 ),
"transitions": PoolRealArray( 1, 1, 1, 1, 1 ),
"update": 0,
"values": [ Vector2( 27, 7 ), Vector2( 27, 14 ), Vector2( 25, 34 ), Vector2( 30, 47 ), Vector2( 31, 58 ) ]
}
tracks/6/type = "value"
tracks/6/path = NodePath("Light2D:energy")
tracks/6/interp = 1
tracks/6/loop_wrap = true
tracks/6/imported = false
tracks/6/enabled = true
tracks/6/keys = {
"times": PoolRealArray( 0, 0.3 ),
"transitions": PoolRealArray( 1, 1 ),
"update": 1,
"values": [ 1.0, 0.01 ]
}
tracks/7/type = "value"
tracks/7/path = NodePath("Light2D:visible")
tracks/7/interp = 1
tracks/7/loop_wrap = true
tracks/7/imported = false
tracks/7/enabled = true
tracks/7/keys = {
"times": PoolRealArray( 0, 0.4 ),
"transitions": PoolRealArray( 1, 1 ),
"update": 1,
"values": [ true, false ]
}

[sub_resource type="Animation" id=2]
length = 0.4
tracks/0/type = "value"
tracks/0/path = NodePath("walk:visible")
tracks/0/interp = 1
tracks/0/loop_wrap = true
tracks/0/imported = false
tracks/0/enabled = true
tracks/0/keys = {
"times": PoolRealArray( 0 ),
"transitions": PoolRealArray( 1 ),
"update": 1,
"values": [ false ]
}
tracks/1/type = "value"
tracks/1/path = NodePath("die:visible")
tracks/1/interp = 1
tracks/1/loop_wrap = true
tracks/1/imported = false
tracks/1/enabled = true
tracks/1/keys = {
"times": PoolRealArray( 0 ),
"transitions": PoolRealArray( 1 ),
"update": 1,
"values": [ false ]
}
tracks/2/type = "value"
tracks/2/path = NodePath("hurt:visible")
tracks/2/interp = 1
tracks/2/loop_wrap = true
tracks/2/imported = false
tracks/2/enabled = true
tracks/2/keys = {
"times": PoolRealArray( 0 ),
"transitions": PoolRealArray( 1 ),
"update": 1,
"values": [ true ]
}
tracks/3/type = "value"
tracks/3/path = NodePath("hurt:frame")
tracks/3/interp = 1
tracks/3/loop_wrap = true
tracks/3/imported = false
tracks/3/enabled = true
tracks/3/keys = {
"times": PoolRealArray( 0, 0.1 ),
"transitions": PoolRealArray( 1, 1 ),
"update": 1,
"values": [ 0, 1 ]
}
tracks/4/type = "value"
tracks/4/path = NodePath("hurt:offset")
tracks/4/interp = 1
tracks/4/loop_wrap = true
tracks/4/imported = false
tracks/4/enabled = true
tracks/4/keys = {
"times": PoolRealArray( 0, 0.1, 0.2, 0.3 ),
"transitions": PoolRealArray( 1, 1, 1, 1 ),
"update": 0,
"values": [ Vector2( -16, 12 ), Vector2( -16, 12 ), Vector2( -21, 12 ), Vector2( -16, 12 ) ]
}
tracks/5/type = "value"
tracks/5/path = NodePath("Light2D:position")
tracks/5/interp = 1
tracks/5/loop_wrap = true
tracks/5/imported = false
tracks/5/enabled = true
tracks/5/keys = {
"times": PoolRealArray( 0, 0.1, 0.2, 0.3 ),
"transitions": PoolRealArray( 1, 1, 1, 1 ),
"update": 0,
"values": [ Vector2( 27, 7 ), Vector2( 27, 14 ), Vector2( 22, 14 ), Vector2( 27, 14 ) ]
}
tracks/6/type = "value"
tracks/6/path = NodePath("Light2D:energy")
tracks/6/interp = 1
tracks/6/loop_wrap = true
tracks/6/imported = false
tracks/6/enabled = true
tracks/6/keys = {
"times": PoolRealArray( 0, 0.1, 0.2 ),
"transitions": PoolRealArray( 1, 1, 1 ),
"update": 1,
"values": [ 1.0, 0.5, 1.0 ]
}
tracks/7/type = "value"
tracks/7/path = NodePath("Light2D:visible")
tracks/7/interp = 1
tracks/7/loop_wrap = true
tracks/7/imported = false
tracks/7/enabled = true
tracks/7/keys = {
"times": PoolRealArray( 0 ),
"transitions": PoolRealArray( 1 ),
"update": 1,
"values": [ true ]
}

[sub_resource type="Animation" id=3]
length = 0.8
loop = true
tracks/0/type = "value"
tracks/0/path = NodePath("die:visible")
tracks/0/interp = 1
tracks/0/loop_wrap = true
tracks/0/imported = false
tracks/0/enabled = true
tracks/0/keys = {
"times": PoolRealArray( 0 ),
"transitions": PoolRealArray( 1 ),
"update": 1,
"values": [ false ]
}
tracks/1/type = "value"
tracks/1/path = NodePath("walk:visible")
tracks/1/interp = 1
tracks/1/loop_wrap = true
tracks/1/imported = false
tracks/1/enabled = true
tracks/1/keys = {
"times": PoolRealArray( 0 ),
"transitions": PoolRealArray( 1 ),
"update": 1,
"values": [ true ]
}
tracks/2/type = "value"
tracks/2/path = NodePath("walk:frame")
tracks/2/interp = 1
tracks/2/loop_wrap = true
tracks/2/imported = false
tracks/2/enabled = true
tracks/2/keys = {
"times": PoolRealArray( 0, 0.1, 0.2, 0.3, 0.4, 0.5, 0.6, 0.7 ),
"transitions": PoolRealArray( 1, 1, 1, 1, 1, 1, 1, 1 ),
"update": 1,
"values": [ 0, 1, 2, 3, 4, 5, 6, 7 ]
}
tracks/3/type = "value"
tracks/3/path = NodePath("hurt:visible")
tracks/3/interp = 1
tracks/3/loop_wrap = true
tracks/3/imported = false
tracks/3/enabled = true
tracks/3/keys = {
"times": PoolRealArray( 0 ),
"transitions": PoolRealArray( 1 ),
"update": 1,
"values": [ false ]
}
tracks/4/type = "value"
tracks/4/path = NodePath("Light2D:position")
tracks/4/interp = 1
tracks/4/loop_wrap = true
tracks/4/imported = false
tracks/4/enabled = true
tracks/4/keys = {
"times": PoolRealArray( 0, 0.1, 0.2, 0.3, 0.4, 0.5, 0.6, 0.7 ),
"transitions": PoolRealArray( 1, 1, 1, 1, 1, 1, 1, 1 ),
"update": 0,
"values": [ Vector2( 18, 4 ), Vector2( 18, 5 ), Vector2( 18, 6 ), Vector2( 18, 5 ), Vector2( 18, 4 ), Vector2( 18, 5 ), Vector2( 18, 6 ), Vector2( 18, 5 ) ]
}
tracks/5/type = "value"
tracks/5/path = NodePath("Light2D:energy")
tracks/5/interp = 1
tracks/5/loop_wrap = true
tracks/5/imported = false
tracks/5/enabled = true
tracks/5/keys = {
"times": PoolRealArray( 0 ),
"transitions": PoolRealArray( 1 ),
"update": 0,
"values": [ 1.0 ]
}
tracks/6/type = "value"
tracks/6/path = NodePath("Light2D:visible")
tracks/6/interp = 1
tracks/6/loop_wrap = true
tracks/6/imported = false
tracks/6/enabled = true
tracks/6/keys = {
"times": PoolRealArray( 0 ),
"transitions": PoolRealArray( 1 ),
"update": 1,
"values": [ true ]
}

[sub_resource type="RectangleShape2D" id=4]
extents = Vector2( 16, 64 )

[node name="Priest" type="KinematicBody2D"]
z_index = 1
script = ExtResource( 1 )
__meta__ = {
"__editor_plugin_screen__": "Script"
}

[node name="enabler" type="VisibilityEnabler2D" parent="."]
scale = Vector2( 10, 10 )

[node name="walk" type="Sprite" parent="."]
position = Vector2( 0, 12 )
texture = ExtResource( 2 )
flip_h = true
vframes = 2
hframes = 4
frame = 7

[node name="die" type="Sprite" parent="."]
visible = false
texture = ExtResource( 3 )
offset = Vector2( -16, 12 )
flip_h = true
vframes = 2
hframes = 4
frame = 7

[node name="hurt" type="Sprite" parent="."]
visible = false
texture = ExtResource( 3 )
offset = Vector2( -16, 12 )
flip_h = true
vframes = 2
hframes = 4

[node name="Light2D" type="Light2D" parent="."]
position = Vector2( 18, 4.93085 )
texture = ExtResource( 4 )
color = Color( 1, 0.974823, 0.355469, 1 )

[node name="AnimationPlayer" type="AnimationPlayer" parent="."]
autoplay = "walk"
anims/die = SubResource( 1 )
anims/hurt = SubResource( 2 )
anims/walk = SubResource( 3 )

[node name="damagable" type="Area2D" parent="."]

[node name="CollisionShape2D" type="CollisionShape2D" parent="damagable"]
shape = SubResource( 4 )

[node name="SamplePlayer" type="Node" parent="."]

[node name="die" type="AudioStreamPlayer" parent="SamplePlayer"]
stream = ExtResource( 5 )
bus = "SFX"

[node name="Stun" parent="." instance=ExtResource( 6 )]
position = Vector2( 0, -64 )
[connection signal="screen_entered" from="enabler" to="." method="enter_screen"]
[connection signal="screen_exited" from="enabler" to="." method="exit_screen"]
