[gd_scene load_steps=18 format=2]

[ext_resource path="res://scenes/common/damagables/human/shaman/shaman.gd" type="Script" id=1]
[ext_resource path="res://players/magic/fire/magic.png" type="Texture" id=2]
[ext_resource path="res://scenes/common/damagables/human/shaman/walk.png" type="Texture" id=3]
[ext_resource path="res://scenes/common/damagables/human/shaman/die.png" type="Texture" id=4]
[ext_resource path="res://scenes/common/damagables/human/lamp-glow.png" type="Texture" id=5]
[ext_resource path="res://scenes/common/damagables/human/shaman/die.wav" type="AudioStream" id=6]
[ext_resource path="res://scenes/common/stun.tscn" type="PackedScene" id=7]

[sub_resource type="CanvasItemMaterial" id=1]
blend_mode = 1

[sub_resource type="Gradient" id=2]
offsets = PoolRealArray( 0, 0.538462, 1 )
colors = PoolColorArray( 0, 0, 0, 1, 0.503052, 0.460938, 1, 0, 1, 1, 1, 0 )

[sub_resource type="GradientTexture" id=3]
gradient = SubResource( 2 )

[sub_resource type="Curve" id=4]
_data = [ Vector2( 0, 1 ), 0.0, 0.0, 0, 0, Vector2( 1, 0.5 ), 0.0, 0.0, 0, 0 ]

[sub_resource type="CurveTexture" id=5]
curve = SubResource( 4 )

[sub_resource type="ParticlesMaterial" id=6]
emission_shape = 2
emission_box_extents = Vector3( 1, 1, 1 )
flag_disable_z = true
spread = 0.0
gravity = Vector3( 0, -25, 0 )
initial_velocity = 1.0
angular_velocity = 3.07291e-41
orbit_velocity = 0.0
orbit_velocity_random = 0.0
angle = 270.0
angle_random = 1.0
scale = 0.1
scale_curve = SubResource( 5 )
color_ramp = SubResource( 3 )
anim_speed = 1.0

[sub_resource type="Animation" id=7]
length = 0.6
tracks/0/type = "value"
tracks/0/path = NodePath("walk:visible")
tracks/0/interp = 1
tracks/0/loop_wrap = true
tracks/0/imported = false
tracks/0/enabled = true
tracks/0/keys = {
"times": PoolRealArray( 0 ),
"transitions": PoolRealArray( 1 ),
"update": 1,
"values": [ false ]
}
tracks/1/type = "value"
tracks/1/path = NodePath("die:visible")
tracks/1/interp = 1
tracks/1/loop_wrap = true
tracks/1/imported = false
tracks/1/enabled = true
tracks/1/keys = {
"times": PoolRealArray( 0 ),
"transitions": PoolRealArray( 1 ),
"update": 1,
"values": [ true ]
}
tracks/2/type = "value"
tracks/2/path = NodePath("die:frame")
tracks/2/interp = 1
tracks/2/loop_wrap = true
tracks/2/imported = false
tracks/2/enabled = true
tracks/2/keys = {
"times": PoolRealArray( 0, 0.1, 0.2, 0.3, 0.4, 0.5 ),
"transitions": PoolRealArray( 1, 1, 1, 1, 1, 1 ),
"update": 1,
"values": [ 0, 1, 2, 3, 4, 5 ]
}
tracks/3/type = "value"
tracks/3/path = NodePath("hurt:visible")
tracks/3/interp = 1
tracks/3/loop_wrap = true
tracks/3/imported = false
tracks/3/enabled = true
tracks/3/keys = {
"times": PoolRealArray( 0 ),
"transitions": PoolRealArray( 1 ),
"update": 1,
"values": [ false ]
}
tracks/4/type = "value"
tracks/4/path = NodePath("SamplePlayer/die:playing")
tracks/4/interp = 1
tracks/4/loop_wrap = true
tracks/4/imported = false
tracks/4/enabled = true
tracks/4/keys = {
"times": PoolRealArray( 0, 0.8 ),
"transitions": PoolRealArray( 1, 1 ),
"update": 1,
"values": [ true, false ]
}
tracks/5/type = "value"
tracks/5/path = NodePath("Light2D:position")
tracks/5/interp = 1
tracks/5/loop_wrap = true
tracks/5/imported = false
tracks/5/enabled = true
tracks/5/keys = {
"times": PoolRealArray( 0, 0.1, 0.2, 0.3, 0.4, 0.5 ),
"transitions": PoolRealArray( 1, 1, 1, 1, 1, 1 ),
"update": 0,
"values": [ Vector2( 34, -31 ), Vector2( 19, -30 ), Vector2( 23, -17 ), Vector2( 30, 1 ), Vector2( 37, 21 ), Vector2( 30, 55 ) ]
}
tracks/6/type = "value"
tracks/6/path = NodePath("Particles2D:position")
tracks/6/interp = 1
tracks/6/loop_wrap = true
tracks/6/imported = false
tracks/6/enabled = true
tracks/6/keys = {
"times": PoolRealArray( 0, 0.1, 0.2, 0.3, 0.4, 0.5 ),
"transitions": PoolRealArray( 1, 1, 1, 1, 1, 1 ),
"update": 0,
"values": [ Vector2( 34, -31 ), Vector2( 19, -29 ), Vector2( 23, -16 ), Vector2( 30, 2 ), Vector2( 37, 22 ), Vector2( 30, 56 ) ]
}
tracks/7/type = "value"
tracks/7/path = NodePath("Particles2D:emitting")
tracks/7/interp = 1
tracks/7/loop_wrap = true
tracks/7/imported = false
tracks/7/enabled = true
tracks/7/keys = {
"times": PoolRealArray( 0.1, 0.2 ),
"transitions": PoolRealArray( 1, 1 ),
"update": 1,
"values": [ true, false ]
}
tracks/8/type = "value"
tracks/8/path = NodePath("Light2D:visible")
tracks/8/interp = 1
tracks/8/loop_wrap = true
tracks/8/imported = false
tracks/8/enabled = true
tracks/8/keys = {
"times": PoolRealArray( 0, 0.6 ),
"transitions": PoolRealArray( 1, 1 ),
"update": 1,
"values": [ true, false ]
}
tracks/9/type = "value"
tracks/9/path = NodePath("Light2D:energy")
tracks/9/interp = 1
tracks/9/loop_wrap = true
tracks/9/imported = false
tracks/9/enabled = true
tracks/9/keys = {
"times": PoolRealArray( 0, 0.1, 0.3 ),
"transitions": PoolRealArray( 1, 1, 1 ),
"update": 0,
"values": [ 1.0, 1.0, 0.01 ]
}

[sub_resource type="Animation" id=8]
length = 0.4
tracks/0/type = "value"
tracks/0/path = NodePath("walk:visible")
tracks/0/interp = 1
tracks/0/loop_wrap = true
tracks/0/imported = false
tracks/0/enabled = true
tracks/0/keys = {
"times": PoolRealArray( 0 ),
"transitions": PoolRealArray( 1 ),
"update": 1,
"values": [ false ]
}
tracks/1/type = "value"
tracks/1/path = NodePath("die:visible")
tracks/1/interp = 1
tracks/1/loop_wrap = true
tracks/1/imported = false
tracks/1/enabled = true
tracks/1/keys = {
"times": PoolRealArray( 0 ),
"transitions": PoolRealArray( 1 ),
"update": 1,
"values": [ false ]
}
tracks/2/type = "value"
tracks/2/path = NodePath("hurt:visible")
tracks/2/interp = 1
tracks/2/loop_wrap = true
tracks/2/imported = false
tracks/2/enabled = true
tracks/2/keys = {
"times": PoolRealArray( 0 ),
"transitions": PoolRealArray( 1 ),
"update": 1,
"values": [ true ]
}
tracks/3/type = "value"
tracks/3/path = NodePath("hurt:frame")
tracks/3/interp = 1
tracks/3/loop_wrap = true
tracks/3/imported = false
tracks/3/enabled = true
tracks/3/keys = {
"times": PoolRealArray( 0, 0.1 ),
"transitions": PoolRealArray( 1, 1 ),
"update": 1,
"values": [ 0, 1 ]
}
tracks/4/type = "value"
tracks/4/path = NodePath("hurt:offset")
tracks/4/interp = 1
tracks/4/loop_wrap = true
tracks/4/imported = false
tracks/4/enabled = true
tracks/4/keys = {
"times": PoolRealArray( 0.1, 0.2, 0.3 ),
"transitions": PoolRealArray( 1, 1, 1 ),
"update": 0,
"values": [ Vector2( -16, 0 ), Vector2( -21, 0 ), Vector2( -16, 0 ) ]
}
tracks/5/type = "value"
tracks/5/path = NodePath("Light2D:position")
tracks/5/interp = 1
tracks/5/loop_wrap = true
tracks/5/imported = false
tracks/5/enabled = true
tracks/5/keys = {
"times": PoolRealArray( 0, 0.1, 0.2, 0.3 ),
"transitions": PoolRealArray( 1, 1, 1, 1 ),
"update": 0,
"values": [ Vector2( 34, -32 ), Vector2( 19, -30 ), Vector2( 13, -29 ), Vector2( 19, -30 ) ]
}
tracks/6/type = "value"
tracks/6/path = NodePath("Particles2D:position")
tracks/6/interp = 1
tracks/6/loop_wrap = true
tracks/6/imported = false
tracks/6/enabled = true
tracks/6/keys = {
"times": PoolRealArray( 0, 0.1, 0.2, 0.3 ),
"transitions": PoolRealArray( 1, 1, 1, 1 ),
"update": 0,
"values": [ Vector2( 34, -31 ), Vector2( 19, -29 ), Vector2( 13, -28 ), Vector2( 19, -29 ) ]
}
tracks/7/type = "value"
tracks/7/path = NodePath("Light2D:visible")
tracks/7/interp = 1
tracks/7/loop_wrap = true
tracks/7/imported = false
tracks/7/enabled = true
tracks/7/keys = {
"times": PoolRealArray( 0 ),
"transitions": PoolRealArray( 1 ),
"update": 1,
"values": [ true ]
}
tracks/8/type = "value"
tracks/8/path = NodePath("Particles2D:emitting")
tracks/8/interp = 1
tracks/8/loop_wrap = true
tracks/8/imported = false
tracks/8/enabled = true
tracks/8/keys = {
"times": PoolRealArray( 0 ),
"transitions": PoolRealArray( 1 ),
"update": 1,
"values": [ true ]
}
tracks/9/type = "value"
tracks/9/path = NodePath("Light2D:energy")
tracks/9/interp = 1
tracks/9/loop_wrap = true
tracks/9/imported = false
tracks/9/enabled = true
tracks/9/keys = {
"times": PoolRealArray( 0 ),
"transitions": PoolRealArray( 1 ),
"update": 0,
"values": [ 1.0 ]
}

[sub_resource type="Animation" id=9]
length = 0.8
loop = true
tracks/0/type = "value"
tracks/0/path = NodePath("die:visible")
tracks/0/interp = 1
tracks/0/loop_wrap = true
tracks/0/imported = false
tracks/0/enabled = true
tracks/0/keys = {
"times": PoolRealArray( 0 ),
"transitions": PoolRealArray( 1 ),
"update": 1,
"values": [ false ]
}
tracks/1/type = "value"
tracks/1/path = NodePath("walk:visible")
tracks/1/interp = 1
tracks/1/loop_wrap = true
tracks/1/imported = false
tracks/1/enabled = true
tracks/1/keys = {
"times": PoolRealArray( 0 ),
"transitions": PoolRealArray( 1 ),
"update": 1,
"values": [ true ]
}
tracks/2/type = "value"
tracks/2/path = NodePath("walk:frame")
tracks/2/interp = 1
tracks/2/loop_wrap = true
tracks/2/imported = false
tracks/2/enabled = true
tracks/2/keys = {
"times": PoolRealArray( 0, 0.1, 0.2, 0.3, 0.4, 0.5, 0.6, 0.7 ),
"transitions": PoolRealArray( 1, 1, 1, 1, 1, 1, 1, 1 ),
"update": 1,
"values": [ 0, 1, 2, 3, 4, 5, 6, 7 ]
}
tracks/3/type = "value"
tracks/3/path = NodePath("hurt:visible")
tracks/3/interp = 1
tracks/3/loop_wrap = true
tracks/3/imported = false
tracks/3/enabled = true
tracks/3/keys = {
"times": PoolRealArray( 0 ),
"transitions": PoolRealArray( 1 ),
"update": 1,
"values": [ false ]
}
tracks/4/type = "value"
tracks/4/path = NodePath("Light2D:position")
tracks/4/interp = 1
tracks/4/loop_wrap = true
tracks/4/imported = false
tracks/4/enabled = true
tracks/4/keys = {
"times": PoolRealArray( 0, 0.1, 0.2, 0.3, 0.4, 0.5, 0.6, 0.7 ),
"transitions": PoolRealArray( 1, 1, 1, 1, 1, 1, 1, 1 ),
"update": 0,
"values": [ Vector2( 35, -34 ), Vector2( 36, -24 ), Vector2( 39, -11 ), Vector2( 31, -36 ), Vector2( 14, -42 ), Vector2( 33, -44 ), Vector2( 32, -41 ), Vector2( 31, -37 ) ]
}
tracks/5/type = "value"
tracks/5/path = NodePath("Particles2D:position")
tracks/5/interp = 1
tracks/5/loop_wrap = true
tracks/5/imported = false
tracks/5/enabled = true
tracks/5/keys = {
"times": PoolRealArray( 0, 0.1, 0.2, 0.3, 0.4, 0.5, 0.6, 0.7 ),
"transitions": PoolRealArray( 1, 1, 1, 1, 1, 1, 1, 1 ),
"update": 0,
"values": [ Vector2( 35, -34 ), Vector2( 36, -22 ), Vector2( 39, -9 ), Vector2( 31, -35 ), Vector2( 14, -41 ), Vector2( 33, -43 ), Vector2( 32, -41 ), Vector2( 31, -37 ) ]
}
tracks/6/type = "value"
tracks/6/path = NodePath("Particles2D:emitting")
tracks/6/interp = 1
tracks/6/loop_wrap = true
tracks/6/imported = false
tracks/6/enabled = true
tracks/6/keys = {
"times": PoolRealArray( 0 ),
"transitions": PoolRealArray( 1 ),
"update": 1,
"values": [ true ]
}
tracks/7/type = "value"
tracks/7/path = NodePath("Light2D:visible")
tracks/7/interp = 1
tracks/7/loop_wrap = true
tracks/7/imported = false
tracks/7/enabled = true
tracks/7/keys = {
"times": PoolRealArray( 0 ),
"transitions": PoolRealArray( 1 ),
"update": 1,
"values": [ true ]
}
tracks/8/type = "value"
tracks/8/path = NodePath("Light2D:energy")
tracks/8/interp = 1
tracks/8/loop_wrap = true
tracks/8/imported = false
tracks/8/enabled = true
tracks/8/keys = {
"times": PoolRealArray( 0 ),
"transitions": PoolRealArray( 1 ),
"update": 0,
"values": [ 1.0 ]
}

[sub_resource type="RectangleShape2D" id=10]
extents = Vector2( 16, 64 )

[node name="Shaman" type="KinematicBody2D"]
z_index = 1
script = ExtResource( 1 )
__meta__ = {
"__editor_plugin_screen__": "Script"
}

[node name="enabler" type="VisibilityEnabler2D" parent="."]
scale = Vector2( 10, 10 )

[node name="Particles2D" type="Particles2D" parent="."]
material = SubResource( 1 )
position = Vector2( 35, -34 )
rotation = -1.5708
amount = 64
local_coords = false
process_material = SubResource( 6 )
texture = ExtResource( 2 )

[node name="walk" type="Sprite" parent="."]
texture = ExtResource( 3 )
flip_h = true
vframes = 2
hframes = 4

[node name="die" type="Sprite" parent="."]
visible = false
texture = ExtResource( 4 )
offset = Vector2( -16, 0 )
flip_h = true
hframes = 6
frame = 5

[node name="hurt" type="Sprite" parent="."]
visible = false
texture = ExtResource( 4 )
offset = Vector2( -16, 0 )
flip_h = true
hframes = 6
frame = 1

[node name="Light2D" type="Light2D" parent="."]
position = Vector2( 35, -34 )
texture = ExtResource( 5 )
color = Color( 0.804657, 0.324219, 1, 1 )

[node name="AnimationPlayer" type="AnimationPlayer" parent="."]
autoplay = "walk"
anims/die = SubResource( 7 )
anims/hurt = SubResource( 8 )
anims/walk = SubResource( 9 )

[node name="damagable" type="Area2D" parent="."]

[node name="CollisionShape2D" type="CollisionShape2D" parent="damagable"]
shape = SubResource( 10 )

[node name="SamplePlayer" type="Node" parent="."]

[node name="die" type="AudioStreamPlayer" parent="SamplePlayer"]
stream = ExtResource( 6 )
bus = "SFX"

[node name="Stun" parent="." instance=ExtResource( 7 )]
position = Vector2( 0, -64 )
[connection signal="screen_entered" from="enabler" to="." method="enter_screen"]
[connection signal="screen_exited" from="enabler" to="." method="exit_screen"]
