[gd_scene load_steps=27 format=2]

[ext_resource path="res://scenes/springislandcastle/BGs/floor.png" type="Texture" id=1]
[ext_resource path="res://scenes/springislandcastle/BGs/corner.png" type="Texture" id=2]
[ext_resource path="res://scenes/springislandcastle/BGs/edge.png" type="Texture" id=3]
[ext_resource path="res://scenes/springislandcastle/BGs/wallcorner.png" type="Texture" id=4]
[ext_resource path="res://scenes/springislandcastle/BGs/walledge.png" type="Texture" id=5]
[ext_resource path="res://scenes/springislandcastle/BGs/marble.png" type="Texture" id=6]
[ext_resource path="res://scenes/springislandcastle/BGs/fence.png" type="Texture" id=7]
[ext_resource path="res://scenes/springislandcastle/BGs/wall.png" type="Texture" id=8]
[ext_resource path="res://scenes/springislandcastle/BGs/frame.png" type="Texture" id=9]
[ext_resource path="res://scenes/springislandcastle/BGs/wallpaper.png" type="Texture" id=10]
[ext_resource path="res://scenes/springislandcastle/BGs/ledge.png" type="Texture" id=11]
[ext_resource path="res://scenes/springislandcastle/BGs/ledge2.png" type="Texture" id=12]
[ext_resource path="res://scenes/springislandcastle/BGs/ceiling.png" type="Texture" id=13]
[ext_resource path="res://scenes/springislandcastle/BGs/walltile.png" type="Texture" id=14]
[ext_resource path="res://scenes/springislandcastle/BGs/mirror.png" type="Texture" id=15]
[ext_resource path="res://scenes/springislandcastle/BGs/window.png" type="Texture" id=16]
[ext_resource path="res://scenes/springislandcastle/BGs/alcove_books.png" type="Texture" id=17]
[ext_resource path="res://scenes/springislandcastle/BGs/alcove_cbooks.png" type="Texture" id=18]
[ext_resource path="res://scenes/springislandcastle/BGs/alcove_statue.png" type="Texture" id=19]
[ext_resource path="res://scenes/springislandcastle/BGs/alcove_cstatue.png" type="Texture" id=20]
[ext_resource path="res://scenes/springislandcastle/BGs/alcove_large.png" type="Texture" id=21]
[ext_resource path="res://scenes/springislandcastle/slopes/slopetile0-31.png" type="Texture" id=22]
[ext_resource path="res://scenes/springislandcastle/slopes/slopetile0-15.png" type="Texture" id=23]
[ext_resource path="res://scenes/springislandcastle/slopes/slopetile0-7.png" type="Texture" id=24]

[sub_resource type="RectangleShape2D" id=1]
extents = Vector2( 16, 16 )

[sub_resource type="ImageTexture" id=2]
flags = 6
flags = 6
size = Vector2( 32, 32 )

[node name="Node2D" type="Node2D"]

[node name="floor" type="Sprite" parent="."]
texture = ExtResource( 1 )

[node name="StaticBody2D" type="StaticBody2D" parent="floor"]

[node name="CollisionShape2D" type="CollisionShape2D" parent="floor/StaticBody2D"]
shape = SubResource( 1 )

[node name="floor_corner" type="Sprite" parent="."]
editor/display_folded = true
position = Vector2( 32, 0 )
texture = ExtResource( 2 )

[node name="StaticBody2D" type="StaticBody2D" parent="floor_corner"]

[node name="CollisionShape2D" type="CollisionShape2D" parent="floor_corner/StaticBody2D"]
shape = SubResource( 1 )

[node name="wall_edge" type="Sprite" parent="."]
editor/display_folded = true
position = Vector2( 64, 0 )
texture = ExtResource( 3 )

[node name="StaticBody2D" type="StaticBody2D" parent="wall_edge"]

[node name="CollisionShape2D" type="CollisionShape2D" parent="wall_edge/StaticBody2D"]
shape = SubResource( 1 )

[node name="wall_corner" type="Sprite" parent="."]
editor/display_folded = true
position = Vector2( 96, 0 )
texture = ExtResource( 4 )

[node name="StaticBody2D" type="StaticBody2D" parent="wall_corner"]

[node name="CollisionShape2D" type="CollisionShape2D" parent="wall_corner/StaticBody2D"]
shape = SubResource( 1 )

[node name="wall_line" type="Sprite" parent="."]
editor/display_folded = true
position = Vector2( 128, 0 )
texture = ExtResource( 5 )

[node name="StaticBody2D" type="StaticBody2D" parent="wall_line"]

[node name="CollisionShape2D" type="CollisionShape2D" parent="wall_line/StaticBody2D"]
shape = SubResource( 1 )

[node name="wall" type="Sprite" parent="."]
editor/display_folded = true
position = Vector2( 160, 0 )
texture = ExtResource( 6 )

[node name="StaticBody2D" type="StaticBody2D" parent="wall"]

[node name="CollisionShape2D" type="CollisionShape2D" parent="wall/StaticBody2D"]
shape = SubResource( 1 )

[node name="block" type="Sprite" parent="."]
editor/display_folded = true
position = Vector2( 448, 0 )
texture = SubResource( 2 )

[node name="StaticBody2D" type="StaticBody2D" parent="block"]

[node name="CollisionShape2D" type="CollisionShape2D" parent="block/StaticBody2D"]
shape = SubResource( 1 )

[node name="void" type="Sprite" parent="."]
position = Vector2( 480, 0 )
texture = SubResource( 2 )

[node name="fence" type="Sprite" parent="."]
position = Vector2( 512, 0 )
texture = ExtResource( 7 )

[node name="mural" type="Sprite" parent="."]
position = Vector2( 48, 144 )
texture = ExtResource( 8 )

[node name="mural2" type="Sprite" parent="."]
position = Vector2( 816, 400 )
texture = ExtResource( 9 )

[node name="wallpaper" type="Sprite" parent="."]
position = Vector2( 128, 32 )
texture = ExtResource( 10 )

[node name="ledge" type="Sprite" parent="."]
position = Vector2( 160, 32 )
texture = ExtResource( 11 )

[node name="ledge1" type="Sprite" parent="."]
position = Vector2( 192, 32 )
texture = ExtResource( 12 )

[node name="ceiling" type="Sprite" parent="."]
position = Vector2( 240, 48 )
texture = ExtResource( 13 )

[node name="ceiling1" type="Sprite" parent="."]
position = Vector2( 368, 64 )
texture = ExtResource( 14 )

[node name="mirror" type="Sprite" parent="."]
position = Vector2( 496, 144 )
texture = ExtResource( 15 )

[node name="window" type="Sprite" parent="."]
position = Vector2( 624, 144 )
texture = ExtResource( 16 )

[node name="books" type="Sprite" parent="."]
position = Vector2( 48, 400 )
texture = ExtResource( 17 )

[node name="books2" type="Sprite" parent="."]
position = Vector2( 176, 400 )
texture = ExtResource( 18 )

[node name="statue" type="Sprite" parent="."]
position = Vector2( 304, 400 )
texture = ExtResource( 19 )

[node name="statue2" type="Sprite" parent="."]
position = Vector2( 432, 400 )
texture = ExtResource( 20 )

[node name="alcove" type="Sprite" parent="."]
position = Vector2( 624, 400 )
texture = ExtResource( 21 )

[node name="slope0-31" type="Sprite" parent="."]
position = Vector2( 192, 0 )
texture = ExtResource( 22 )
region_enabled = true
region_rect = Rect2( 0, 32, 32, 32 )

[node name="slope0-15" type="Sprite" parent="."]
position = Vector2( 224, 0 )
texture = ExtResource( 23 )
region_enabled = true
region_rect = Rect2( 0, 32, 32, 32 )

[node name="slope16-31" type="Sprite" parent="."]
position = Vector2( 256, 0 )
texture = ExtResource( 23 )
region_enabled = true
region_rect = Rect2( 32, 32, 32, 32 )

[node name="slope0-7" type="Sprite" parent="."]
position = Vector2( 288, 0 )
texture = ExtResource( 24 )
region_enabled = true
region_rect = Rect2( 0, 32, 32, 32 )

[node name="slope8-15" type="Sprite" parent="."]
position = Vector2( 320, 0 )
texture = ExtResource( 24 )
region_enabled = true
region_rect = Rect2( 32, 32, 32, 32 )

[node name="slope16-23" type="Sprite" parent="."]
position = Vector2( 352, 0 )
texture = ExtResource( 24 )
region_enabled = true
region_rect = Rect2( 64, 32, 32, 32 )

[node name="slope24-31" type="Sprite" parent="."]
position = Vector2( 384, 0 )
texture = ExtResource( 24 )
region_enabled = true
region_rect = Rect2( 96, 32, 32, 32 )

[node name="slopea-b" type="Sprite" parent="."]
position = Vector2( 416, 0 )
texture = ExtResource( 1 )
region_rect = Rect2( 96, 32, 32, 32 )
