[gd_scene load_steps=13 format=2]

[ext_resource path="res://players/magic/void/void.gd" type="Script" id=1]
[ext_resource path="res://players/magic/void/portalBG.png" type="Texture" id=2]
[ext_resource path="res://players/magic/void/portalFG.png" type="Texture" id=3]
[ext_resource path="res://players/magic/void/void.wav" type="AudioStream" id=4]
[ext_resource path="res://players/magic/void/fail.wav" type="AudioStream" id=5]

[sub_resource type="CanvasItemMaterial" id=1]
blend_mode = 1

[sub_resource type="CanvasItemMaterial" id=2]
blend_mode = 1

[sub_resource type="Gradient" id=3]
colors = PoolColorArray( 1, 1, 1, 1, 1, 1, 1, 0 )

[sub_resource type="GradientTexture" id=4]
gradient = SubResource( 3 )

[sub_resource type="ParticlesMaterial" id=5]
emission_shape = 2
emission_box_extents = Vector3( 0, 90, 1 )
flag_disable_z = true
spread = 20.0
gravity = Vector3( 90, 0, 0 )
initial_velocity = 20.0
angular_velocity = 45.0
orbit_velocity = 0.0
orbit_velocity_random = 0.0
damping = 80.0
angle = 90.0
color_ramp = SubResource( 4 )
anim_speed = 1.0
anim_speed_random = 1.0

[sub_resource type="Animation" id=6]
length = 2.8
loop = true
tracks/0/type = "value"
tracks/0/path = NodePath("portalBG:frame")
tracks/0/interp = 1
tracks/0/loop_wrap = true
tracks/0/imported = false
tracks/0/enabled = true
tracks/0/keys = {
"times": PoolRealArray( 0, 0.2, 0.4, 0.6, 0.8, 1, 1.2, 1.4, 1.6, 1.8, 2, 2.2, 2.4, 2.6 ),
"transitions": PoolRealArray( 1, 1, 1, 1, 1, 1, 1, 1, 1, 1, 1, 1, 1, 1 ),
"update": 1,
"values": [ 0, 1, 2, 3, 4, 5, 6, 7, 8, 9, 10, 11, 12, 13 ]
}
tracks/1/type = "value"
tracks/1/path = NodePath("portalFG:frame")
tracks/1/interp = 1
tracks/1/loop_wrap = true
tracks/1/imported = false
tracks/1/enabled = true
tracks/1/keys = {
"times": PoolRealArray( 0, 0.2, 0.4, 0.6, 0.8, 1, 1.2, 1.4, 1.6, 1.8, 2, 2.2, 2.4, 2.6 ),
"transitions": PoolRealArray( 1, 1, 1, 1, 1, 1, 1, 1, 1, 1, 1, 1, 1, 1 ),
"update": 1,
"values": [ 0, 1, 2, 3, 4, 5, 6, 7, 8, 9, 10, 11, 12, 13 ]
}

[sub_resource type="RectangleShape2D" id=7]
extents = Vector2( 16, 64 )

[node name="VoidPortal" type="Node2D"]
script = ExtResource( 1 )
__meta__ = {
"__editor_plugin_screen__": "Script"
}

[node name="portalBG" type="Sprite" parent="."]
material = SubResource( 1 )
texture = ExtResource( 2 )
hframes = 14
frame = 2

[node name="portalFG" type="Sprite" parent="."]
material = SubResource( 2 )
z_index = 3
texture = ExtResource( 3 )
hframes = 14
frame = 2

[node name="sparks" type="Particles2D" parent="."]
position = Vector2( 16, 0 )
amount = 32
lifetime = 2.0
speed_scale = 2.5
randomness = 1.0
process_material = SubResource( 5 )

[node name="AnimationPlayer" type="AnimationPlayer" parent="."]
anims/rotate = SubResource( 6 )

[node name="collision" type="Area2D" parent="."]

[node name="sensor" type="CollisionShape2D" parent="collision"]
shape = SubResource( 7 )

[node name="SamplePlayer" type="Node" parent="."]

[node name="void" type="AudioStreamPlayer" parent="SamplePlayer"]
stream = ExtResource( 4 )
bus = "SFX"

[node name="fail" type="AudioStreamPlayer" parent="SamplePlayer"]
stream = ExtResource( 5 )
bus = "SFX"
