[gd_scene load_steps=5 format=2]

[ext_resource path="res://scenes/dungeon/movingplatform/MovingPlatform.gd" type="Script" id=1]
[ext_resource path="res://scenes/dungeon/climbableblock.tscn" type="PackedScene" id=2]
[ext_resource path="res://scenes/holyruins/BGs/platform-edge.png" type="Texture" id=3]
[ext_resource path="res://scenes/common/damagables/spiketile.tscn" type="PackedScene" id=4]

[node name="MovingSpikePlatform" type="Node2D"]
script = ExtResource( 1 )
__meta__ = {
"__editor_plugin_screen__": "Script"
}

[node name="blockR" parent="." instance=ExtResource( 2 )]
position = Vector2( 16, 0 )

[node name="Sprite" parent="blockR" index="0"]
texture = ExtResource( 3 )
offset = Vector2( 0, 0 )
flip_h = false

[node name="SpikeTile" parent="blockR" instance=ExtResource( 4 )]
position = Vector2( -32, -32 )

[node name="SpikeTile1" parent="blockR" instance=ExtResource( 4 )]
position = Vector2( 0, -32 )

[node name="SpikeTile2" parent="blockR" instance=ExtResource( 4 )]
position = Vector2( 32, 0 )

[node name="Sprite" parent="blockR/SpikeTile2" index="0"]
rotation = 1.5708

[node name="SpikeTile3" parent="blockR" instance=ExtResource( 4 )]
editor/display_folded = true
position = Vector2( -64, 0 )

[node name="Sprite" parent="blockR/SpikeTile3" index="0"]
rotation = -1.5708

[node name="SpikeTile4" parent="blockR" instance=ExtResource( 4 )]
editor/display_folded = true
position = Vector2( -32, 32 )

[node name="Sprite" parent="blockR/SpikeTile4" index="0"]
flip_v = true

[node name="SpikeTile5" parent="blockR" instance=ExtResource( 4 )]
editor/display_folded = true
position = Vector2( 0, 32 )

[node name="Sprite" parent="blockR/SpikeTile5" index="0"]
flip_v = true

[node name="blockL" parent="." instance=ExtResource( 2 )]
position = Vector2( -16, 0 )

[node name="Sprite" parent="blockL" index="0"]
texture = ExtResource( 3 )
offset = Vector2( 0, 0 )

[editable path="blockR"]

[editable path="blockR/SpikeTile2"]

[editable path="blockR/SpikeTile3"]

[editable path="blockR/SpikeTile4"]

[editable path="blockR/SpikeTile5"]

[editable path="blockL"]
