[gd_scene load_steps=6 format=2]

[ext_resource path="res://scenes/common/breakables/ChainBreakable.gd" type="Script" id=1]
[ext_resource path="res://scenes/common/breakables/chain.png" type="Texture" id=2]
[ext_resource path="res://scenes/common/breakables/crumble.wav" type="AudioStream" id=3]

[sub_resource type="RectangleShape2D" id=1]
extents = Vector2( 16, 16 )

[sub_resource type="RectangleShape2D" id=2]
extents = Vector2( 18, 18 )

[node name="ChainBreakable" type="Node2D"]
script = ExtResource( 1 )
__meta__ = {
"__editor_plugin_screen__": "Script"
}

[node name="KinematicBody2D" type="KinematicBody2D" parent="."]
collision_layer = 524288

[node name="enabler" type="VisibilityEnabler2D" parent="KinematicBody2D"]
scale = Vector2( 3, 3 )

[node name="Sprite" type="Sprite" parent="KinematicBody2D"]
modulate = Color( 0.572549, 0.490196, 0.627451, 1 )
texture = ExtResource( 2 )

[node name="CollisionShape2D" type="CollisionShape2D" parent="KinematicBody2D"]
shape = SubResource( 1 )

[node name="breakable" type="Area2D" parent="KinematicBody2D"]

[node name="CollisionShape2D" type="CollisionShape2D" parent="KinematicBody2D/breakable"]
shape = SubResource( 2 )

[node name="sound" type="Node" parent="."]

[node name="crumble" type="AudioStreamPlayer" parent="sound"]
stream = ExtResource( 3 )
bus = "SFX"
[connection signal="screen_entered" from="KinematicBody2D/enabler" to="." method="enter_screen"]
[connection signal="screen_exited" from="KinematicBody2D/enabler" to="." method="exit_screen"]
