[gd_scene load_steps=8 format=2]

[ext_resource path="res://scenes/common/breakables/SunbeamBreakable.gd" type="Script" id=1]
[ext_resource path="res://scenes/common/breakables/sun.png" type="Texture" id=2]
[ext_resource path="res://scenes/common/breakables/crumble.wav" type="AudioStream" id=3]

[sub_resource type="ParticlesMaterial" id=1]
emission_shape = 2
emission_box_extents = Vector3( 8, 0, 1 )
flag_disable_z = true
spread = 0.0
gravity = Vector3( 0, 64, 0 )
initial_velocity_random = 1.0
angular_velocity = 32.0
angular_velocity_random = 1.0
orbit_velocity = 0.0
orbit_velocity_random = 0.0
linear_accel = -48.0
linear_accel_random = 1.0
damping_random = 1.0
angle_random = 1.0
scale = 1.5
scale_random = 1.0
color = Color( 0, 0, 0, 1 )
anim_speed = 1.0

[sub_resource type="RectangleShape2D" id=2]
extents = Vector2( 16, 16 )

[sub_resource type="RectangleShape2D" id=3]
extents = Vector2( 18, 18 )

[sub_resource type="Animation" id=4]
resource_name = "dust"
tracks/0/type = "value"
tracks/0/path = NodePath("KinematicBody2D/Dust:emitting")
tracks/0/interp = 1
tracks/0/loop_wrap = true
tracks/0/imported = false
tracks/0/enabled = true
tracks/0/keys = {
"times": PoolRealArray( 0 ),
"transitions": PoolRealArray( 1 ),
"update": 1,
"values": [ true ]
}

[node name="SunbeamBreakable" type="Node2D"]
script = ExtResource( 1 )
__meta__ = {
"__editor_plugin_screen__": "Script"
}

[node name="KinematicBody2D" type="KinematicBody2D" parent="."]
collision_layer = 524288

[node name="enabler" type="VisibilityEnabler2D" parent="KinematicBody2D"]
visible = false
scale = Vector2( 3, 3 )

[node name="Sprite" type="Sprite" parent="KinematicBody2D"]
texture = ExtResource( 2 )

[node name="Dust" type="Particles2D" parent="KinematicBody2D"]
position = Vector2( 0, -16 )
emitting = false
amount = 96
one_shot = true
preprocess = 0.1
speed_scale = 4.0
process_material = SubResource( 1 )

[node name="CollisionShape2D" type="CollisionShape2D" parent="KinematicBody2D"]
visible = false
shape = SubResource( 2 )

[node name="breakable" type="Area2D" parent="KinematicBody2D"]
visible = false

[node name="CollisionShape2D" type="CollisionShape2D" parent="KinematicBody2D/breakable"]
shape = SubResource( 3 )

[node name="sound" type="Node" parent="."]

[node name="crumble" type="AudioStreamPlayer" parent="sound"]
stream = ExtResource( 3 )
bus = "SFX"

[node name="AnimationPlayer" type="AnimationPlayer" parent="."]
anims/dust = SubResource( 4 )
[connection signal="screen_entered" from="KinematicBody2D/enabler" to="." method="enter_screen"]
[connection signal="screen_exited" from="KinematicBody2D/enabler" to="." method="exit_screen"]
